@article{einstein,
	author =       "Albert Einstein",
	title =        "{Zur Elektrodynamik bewegter K{\"o}rper}. ({German})
	[{On} the electrodynamics of moving bodies]",
	journal =      "Annalen der Physik",
	volume =       "322",
	number =       "10",
	pages =        "891--921",
	year =         "1905",
	DOI =          "http://dx.doi.org/10.1002/andp.19053221004"
}

@book{latexcompanion,
	author    = "Michel Goossens and Frank Mittelbach and Alexander Samarin",
	title     = "The \LaTeX\ Companion",
	year      = "1993",
	publisher = "Addison-Wesley",
	address   = "Reading, Massachusetts"
}

@misc{knuthwebsite,
	author    = "Donald Knuth",
	title     = "Knuth: Computers and Typesetting",
	url       = "http://www-cs-faculty.stanford.edu/\~{}uno/abcde.html"
}

capitolo 1
Information Accountability Foundation, World Economic Forum, Marc E. Davis
http://static.ow.ly/docs/Regulation\_consolidated\_text\_EN\_47uW.pdf 
Orange, The Future of Digital Trust, 2014
www3.weforum.org/docs/WEF\_RethinkingPersonalData\_ANewLens\_Report\_2014.pdf
https://www.lvm.fi/documents/20181/859937/MyData-nordic-model/2e9b4eb0-68d7-463b-9460-821493449a63?version=1.0

capitolo 2
http://mydata2016.org/
https://aaltodoc.aalto.fi/bitstream/handle/123456789/13133/master\_Heikkil\%C3\%A4\_Sonja\_2014.pdf
http://maas.global/
https://github.com/mobility-profile/Mobility-Profile https://github.com/mobility-profile/Mobility-Profile-API
https://github.com/small-dev/SMAll.Wiki

capitolo 3
https://github.com/HIIT/mydata-stack
https://docs.google.com/document/d/1iUVRssJ6TmxzNZbw8XuMJ1A5oXetgthcHFGHYfCpPhw/edit (broken?)
https://oauth.net/2/
http://tutorials.jenkov.com/oauth2/authorization-code-request-response.html
http://kantarainitiative.org/confluence/display/infosharing/Consent+Receipt+Specification
https://kantarainitiative.org/confluence/display/uma/Home

capitolo 4
https://github.com/HIIT/mydata-sdk/tree/master/Account
https://github.com/HIIT/mydata-sdk/tree/master/Operator\_Components
“Un sistema di previsione degli itinerari per applicazioni di smart mobility”
https://github.com/HIIT/mydata-sdk/tree/master/Operator\_Components
https://github.com/digitalhealthrevolution/serviceregistry
https://developers.google.com/google-apps/calendar/overview
https://www.w3.org/TR/rdf11-concepts/
https://www.w3.org/TR/vocab-dcat/
https://www.w3.org/TR/vocab-data-cube/

capitolo 5
https://docs.oracle.com/javase/specs/jls/se8/html/index.html http://docs.oracle.com/javase/8/docs/api/
https://docs.oracle.com/javase/tutorial/security/TOC.html
http://docs.oracle.com/javase/6/docs/technotes/guides/security/crypto/CryptoSpec.html
